@ARTICLE{Opp_Security11,
	AUTHOR = "R. Oppliger",
	TITLE = "Security and Privacy in an Online World",
	JOURNAL = "IEEE Computer",
	VOLUME = {44},
	NUMBER = {9},
	PAGES = {21-22},
	MONTH = "September",
	YEAR = {2011}	
}

@BOOK{Adams_Users05,
	AUTHOR       = "A. Adams and A.S. Sasse",
	PUBLISHER    = "O\'Reilly Associations",
	YEAR         = "2005",
	SERIES       = "Security and Usability: Designing Systems That People Can Use"
}

@BOOK{Schu_SecPatterns05,
	AUTHOR       = "M. Schumacher and E. Fernandez-Buglioni and D. Hybertson and F. Buschmann and P. Sommerlad",
	TITLE        = "Security Patterns: Integrating Security and Systems Engineering",
	PUBLISHER    = "John Wiley \& sons",
	YEAR         = "2005",
}

@MISC{IBM_tool,
	AUTHOR       = "IBM",
	TITLE        = "Hosted Mobile Device Security Management",
	NOTE         = "http://www-935.ibm.com/services/us/en/it-services/managed-security-services-cloud-computing-hosted-mobile-device-security-management.html"
}

@MISC{Sophos_tool,
	AUTHOR       = "Sophos",
	TITLE        = "Mobile Control",
	NOTE         = "http://www.sophos.com/en-us/products/mobile-control.aspx"
}

@MISC{Good_tool,
	AUTHOR       = "Good Technology",
	TITLE        = "BYOD Solution",
	NOTE         = "http://www1.good.com/secure-mobility-solution/bring-your-own-device.html"
}

@MISC{Samsung_tool,
	AUTHOR       = "Samsung",
	TITLE        = "KNOX",
	NOTE         = "http://www.samsung.com/global/business/mobile/solution/security/samsung-knox"
}

@MISC{Blackberry_tool,
	AUTHOR       = "Blackberry",
	TITLE        = "Blackberry Balance",
	NOTE         = "http://es.blackberry.com/business/software/blackberry-balance.html"
}

@MISC{WorxSDK,
	AUTHOR       = "Citrix",
	TITLE        = "Worx App SDK",
	NOTE         = "http://www.citrix.es/go/worx-app-sdk.html"
}

@MISC{WSO2_tool,
	AUTHOR       = "WSO2",
	TITLE        = "Enterprise Mobility Manager",
	NOTE         = "http://wso2.com/products/enterprise-mobility-manager/"
}

%----------------------------------------------

@INBOOK{GA_networksecurity-zarza,
	AUTHOR       = "Zarza, L. and Forné, J. and Pegueroles, J.R. and Soriano, M",
	TITLE        = "Advances in artificial intelligence for privacy protection and security",
	CHAPTER      = "Genetic algorithms for designing network security protocols",
	PUBLISHER    = "World Scientific",
	YEAR         = "2010",
   PAGES			 = "325--358",
}

@BOOK{AAI_book_2009,
	AUTHOR       = "Solanas, A. and Martínez-bal, A.",
	TITLE        = "Advances in Artificial Intelligence for Privacy Protection and
  Security",
	PUBLISHER    = "World Scientific Publishing Co., Inc.",
	YEAR         = "2009",
	ADDRESS      = "River Edge, NJ, USA"
}

@inproceedings{GA_cryptographicprotocols-zarza2,
  author    = {Luis Zarza and
               Josep Pegueroles and
               Miguel Soriano and
               Rafael Mart{\'{\i}}nez},
  title     = {Design of Cryptographic Protocols by Means of Genetic Algorithms Techniques},
  booktitle = {{SECRYPT} 2006, Proceedings of the International Conference on Security
               and Cryptography, Set{\'{u}}bal, Portugal, August 7-10, 2006,
               {SECRYPT} is part of {ICETE} - The International Joint Conference
               on e-Business and Telecommunications},
  pages     = {316--319},
  year      = {2006},
  crossref  = {DBLP:conf/secrypt/2006}
}

@proceedings{DBLP:conf/secrypt/2006,
  editor    = {Manu Malek and
               Eduardo Fern{\'{a}}ndez{-}Medina and
               Javier Hernando},
  title     = {{SECRYPT} 2006, Proceedings of the International Conference on Security
               and Cryptography, Set{\'{u}}bal, Portugal, August 7-10, 2006,
               {SECRYPT} is part of {ICETE} - The International Joint Conference
               on e-Business and Telecommunications},
  publisher = {{INSTICC} Press},
  year      = {2006},
  isbn      = {972-8865-63-5}
}

@TECHREPORT{SurveyEventCorrelation_Tiffany0,
	AUTHOR       = "Tiffany, M.",
	TITLE        = "A survey of event correlation techniques and related topics",
	INSTITUTION  = "Georgia Institute of Technology",
	YEAR         = "2002",
	TYPE         = "Research Paper"
}

@ARTICLE{risk_reduction_ga_12,
	AUTHOR       = "Tamjidyamcholo, a. and Al-Dabbagh, R.D. ",
	TITLE        = "Genetic algorithm approach for risk reduction of information
  security",
	JOURNAL      = "International Journal of Cyber-Security and Digital Forensics
  (IJCSDF)",
	YEAR         = "2012",
	VOLUME       = "1",
	NUMBER       = "1",
	PAGES        = "59--66"
}


@inproceedings{rule_generation_gp_09,
  author    = {Guillermo Suarez{-}Tangil and
               Esther Palomar and
               Jos{\'{e}} Mar{\'{\i}}a de Fuentes and
               Jorge Blasco Al{\'{\i}}s and
               Arturo Ribagorda},
  title     = {Automatic Rule Generation Based on Genetic Programming for Event Correlation},
  booktitle = {Computational Intelligence in Security for Information Systems - CISIS'09,
               2nd International Workshop, Burgos, Spain, 23-26 September 2009 Proceedings},
  pages     = {127--134},
  year      = {2009},
  crossref  = {DBLP:conf/cisis-spain/2009}
}

@proceedings{DBLP:conf/cisis-spain/2009,
  editor    = {{\'{A}}lvaro Herrero and
               Paolo Gastaldo and
               Rodolfo Zunino and
               Emilio Corchado},
  title     = {Computational Intelligence in Security for Information Systems - CISIS'09,
               2nd International Workshop, Burgos, Spain, 23-26 September 2009 Proceedings},
  series    = {Advances in Intelligent and Soft Computing},
  volume    = {63},
  publisher = {Springer},
  year      = {2009},
  url       = {http://dx.doi.org/10.1007/978-3-642-04091-7},
  doi       = {10.1007/978-3-642-04091-7},
  isbn      = {978-3-642-04090-0}
}

@article{SecPolComp14,
  author    = {Mikko T. Siponen and
               M. Adam Mahmood and
               Seppo Pahnila},
  title     = {Employees' adherence to information security policies: An exploratory
               field study},
  journal   = {Information {\&} Management},
  volume    = {51},
  number    = {2},
  pages     = {217--224},
  year      = {2014},
  url       = {http://dx.doi.org/10.1016/j.im.2013.08.006},
  doi       = {10.1016/j.im.2013.08.006}
}

@article{SecPolComp09,
 author = {Shaw, R. S. and Chen, Charlie C. and Harris, Albert L. and Huang, Hui-Jou},
 title = {The Impact of Information Richness on Information Security Awareness Training Effectiveness},
 journal = {Computers \& Education},
 volume = {52},
 number = {1},
 month = jan,
 year = {2009},
 issn = {0360-1315},
 pages = {92--100},
 numpages = {9},
 publisher = {Elsevier Science Ltd.},
 address = {Oxford, UK, UK}
}

@INPROCEEDINGS{RT2AE_SOTICS13,
	AUTHOR       = "Seigneur, J.-M. and Kölndorfer, P. and Busch, M. and Hochleitner, C.",
	TITLE        = {A survey of trust and risk metrics for a BYOD mobile working world},
	BOOKTITLE    = "Third International Conference on Social Eco-Informatics
  (SOTICS 2013)",
	YEAR         = "2013",
	PAGES        = "82--91",
	ORGANIZATION = "IARIA",
	PUBLISHER    = "Curran Associates Inc"
}

@inproceedings{policy_generation_clustering_10,
 author = {Samak, Taghrid and Al-Shaer, Ehab},
 title = {Synthetic Security Policy Generation via Network Traffic Clustering},
 booktitle = {Proceedings of the 3rd ACM Workshop on Artificial Intelligence and Security},
 series = {AISec '10},
 year = {2010},
 isbn = {978-1-4503-0088-9},
 location = {Chicago, Illinois, USA},
 pages = {45--53},
 numpages = {9},
 url = {http://doi.acm.org/10.1145/1866423.1866433},
 doi = {10.1145/1866423.1866433},
 acmid = {1866433},
 publisher = {ACM},
 address = {New York, NY, USA}
}

@book{BigData_11,
 author = {Ratner, Bruce},
 title = {Statistical and Machine-Learning Data Mining: Techniques for Better Predictive Modeling and Analysis of Big Data, Second Edition},
 year = {2011},
 isbn = {1439860912, 9781439860915},
 edition = {2nd},
 publisher = {CRC Press, Inc.},
 address = {Boca Raton, FL, USA},
} 

@inproceedings{android11,
  author = {Orthacker, Clemens and Teufl, Peter and Kraxberger, Stefan and Lackner, Günther and Gissing, Michael and Marsalek, Alexander and Leibetseder, Johannes and Prevenhueber, Oliver},
  title = {Android Security Permissions - Can We Trust Them?},
  crossref = {DBLP:conf/mobisec/2011},
  pages = {40-51}
}

@proceedings{DBLP:conf/mobisec/2011,
  editor    = {Ramjee Prasad and
               K{\'{a}}roly Farkas and
               Andreas U. Schmidt and
               Antonio Lioy and
               Giovanni Russello and
               Flaminia L. Luccio},
  title     = {Security and Privacy in Mobile Information and Communication Systems
               - Third International {ICST} Conference, MobiSec 2011, Aalborg, Denmark,
               May 17-19, 2011, Revised Selected Papers},
  series    = {Lecture Notes of the Institute for Computer Sciences, Social Informatics
               and Telecommunications Engineering},
  volume    = {94},
  publisher = {Springer},
  year      = {2011},
  url       = {http://dx.doi.org/10.1007/978-3-642-30244-2},
  doi       = {10.1007/978-3-642-30244-2},
  isbn      = {978-3-642-30243-5}
}
